%% This BibTeX bibliography file was created using BibDesk.
%% http://bibdesk.sourceforge.net/


%% Created for Emil Djupfeldt at 2012-12-09 23:09:28 +0100 


%% Saved with string encoding Unicode (UTF-8) 



@techreport{phrasebook,
	Author = {Krasimir Angelov and Olga Caprotti and Ramona Enache and Thomas Hallgren and Inari Listenmaa and Aarne Ranta and Jordi Saludes and Adam Slaski},
	Date-Added = {2012-12-09 22:07:28 +0000},
	Date-Modified = {2012-12-09 22:09:12 +0000},
	Title = {MOLTO Multilingual Phrasebook},
	Year = {2010}}

@techreport{bnfc,
	Author = {Markus Forsberg and Aarne Ranta},
	Date-Added = {2012-12-09 22:04:00 +0000},
	Date-Modified = {2012-12-09 22:05:15 +0000},
	Institution = {Chalmers University of Technology and the University of Gothenburg},
	Title = {The Labelled BNF Grammar Formalism},
	Year = {2005}}

@webpage{libpgf,
	Date-Added = {2012-12-09 22:01:28 +0000},
	Date-Modified = {2012-12-09 22:01:46 +0000},
	Lastchecked = {2012-12-09},
	Month = {December},
	Url = {http://www.grammaticalframework.org/libpgf/},
	Year = {2012}}

@book{gc,
	Author = {Richard Jones and Rafael Lins},
	Date-Added = {2012-12-09 21:52:28 +0000},
	Date-Modified = {2012-12-09 21:55:01 +0000},
	Publisher = {John Wiley and Sons},
	Title = {Garbage Collection: Algorithms for Automatic Dynamic Memory Management},
	Year = {1996}}

@webpage{dict3,
	Date-Added = {2012-12-09 21:46:16 +0000},
	Date-Modified = {2012-12-09 21:46:52 +0000},
	Lastchecked = {2012-12-09},
	Month = {December},
	Url = {http://www.klettern.de/service/lexikon/lexikon-der-kletterbegriffe.155105.5.htm?skip=3},
	Year = {2012}}

@webpage{dict2,
	Date-Added = {2012-12-09 21:45:55 +0000},
	Date-Modified = {2012-12-09 21:46:13 +0000},
	Lastchecked = {2012-12-09},
	Month = {December},
	Url = {http://www.stichel-frei.de/sicherung/index.shtml},
	Year = {2012}}

@webpage{dict1,
	Date-Added = {2012-12-09 21:44:35 +0000},
	Date-Modified = {2012-12-09 21:45:49 +0000},
	Lastchecked = {2012-12-09},
	Month = {December},
	Url = {http://www-dft.ts.infn.it/~esmargia/mountain/climbing_dict.html},
	Year = {2012}}

@manual{iso639,
	Date-Added = {2012-12-09 21:40:08 +0000},
	Date-Modified = {2012-12-09 21:40:40 +0000},
	Organization = {ISO},
	Title = {ISO 639 Code for the representation of names of languages},
	Year = {1988}}

@article{diamondproblem,
	Author = {Bjarne Stroustrup},
	Date-Added = {2012-12-09 21:31:00 +0000},
	Date-Modified = {2012-12-09 21:34:23 +0000},
	Journal = {The C/C++ Users Journal},
	Month = {May},
	Title = {Multiple Inheritance for C++},
	Year = {1999}}

@manual{javalangspec,
	Author = {James Gosling and Bill Joy and Guy Steele and Gilad Bracha and Alex Buckley},
	Date-Added = {2012-12-09 21:17:24 +0000},
	Date-Modified = {2012-12-09 21:20:55 +0000},
	Edition = {{Java SE 7}},
	Organization = {Oracle},
	Title = {The Java Language Specification},
	Year = {2011}}

@manual{cxx11,
	Date-Added = {2012-12-09 21:11:55 +0000},
	Date-Modified = {2012-12-09 21:16:44 +0000},
	Organization = {ISO/IEC JTC1/SC22/WG21},
	Title = {ISO/IEC 14882:2011},
	Year = {2011}}

@article{pmcfg2,
	Author = {Hiroyuki Seki and Takashi Matsumura and Mamoru Fujii and Tadao Kasami},
	Date-Added = {2012-12-09 21:01:02 +0000},
	Date-Modified = {2012-12-09 21:06:37 +0000},
	Journal = {Theoretical Computer Science},
	Month = {October},
	Title = {On multiple context-free grammars},
	Year = {1991}}

@phdthesis{pmcfg,
	Author = {Ljungl{\"o}f, Peter},
	Date-Added = {2012-12-09 20:56:10 +0000},
	Date-Modified = {2012-12-09 21:00:52 +0000},
	School = {Gothenburg University and Chalmers University of Technology},
	Title = {Expressivity and Complexity of the Grammatical Framework},
	Year = {2004}}

@article{editdistance,
	Author = {Damerau, Fred J.},
	Date-Added = {2012-12-09 20:52:36 +0000},
	Date-Modified = {2012-12-09 20:53:38 +0000},
	Journal = {Communications of the ACM},
	Title = {A technique for computer detection and correction of spelling errors},
	Year = {1964}}

@phdthesis{Angelov,
	Author = {Angelov, Krasimir},
	Date-Added = {2012-12-09 20:50:42 +0000},
	Date-Modified = {2012-12-09 20:51:29 +0000},
	School = {Chalmers University of Technology},
	Title = {The Mechanics of the Grammatical Framework},
	Year = {2011}}

@book{gf,
	Author = {Ranta, Aarne},
	Date-Added = {2012-12-09 20:47:53 +0000},
	Date-Modified = {2012-12-09 20:49:04 +0000},
	Publisher = {CSLI Publications},
	Title = {Grammatical Framework},
	Year = {2011}}

@conference{jpgf,
	Author = {Ramona Enache and Gr{\'e}goire D{\'e}trez},
	Date-Added = {2012-12-09 20:47:27 +0000},
	Date-Modified = {2012-12-09 21:10:00 +0000},
	Organization = {SLTC},
	Title = {A framework for multilingual applications on the android platform},
	Year = {2010}}

@book{martinloftheory,
	Author = {Martin-L{\"o}f, P.},
	Date-Added = {2012-12-09 20:32:27 +0000},
	Date-Modified = {2012-12-09 20:36:56 +0000},
	Publisher = {Bibliopolis},
	Title = {Intuitionistic type theory},
	Year = {1984}}
